@InBook{Cebon,
  author =   {D. Cebon},
  ALTeditor =    {},
  title =    {Handbook of Vehicle-Road Interaction},
  chapter =    {1},
  publisher =    {Swets and Zeitlinger BV},
  year =   {1999},
}

@InCollection{Barrow,
  author =   {H. G. Barrow and J. M. Tenenbaum},
  title =    {Recovering intrinsic scene characteristics from images},
  booktitle =    {Computer Vision Systems},
  OPTpages =   {},
  publisher = {Academic Press},
  year =   {1978},
}


@InProceedings{Friedman,
  author =   {N. Friedman and S. Russell},
  title =    {Image segmentation in video sequences: a probabilistic approach},
  booktitle = {Proc. of the 13th conference on Uncertainty in AI},
  year =   {1997},
}

@Article{Gupte,
  author =   {S. Gupte and O. Masoud and R. F. K.  Martin and N. P. Papanikolopoulos},
  title =    {Detection and classification of vehicles},
  journal =    IEEE_J_ITS,
  year =   {2002},
  volume =   {3},
  number =   {1},
  pages =    {27-47},
}

@InProceedings{Kilger,
  author =   {M. Kilger},
  title =    {A shadow handler in a video-based real-time monitoring system},
  booktitle = {Proc. of IEEE Workshop on Applications of Computer Vision},
  pages =    {11-18},
  year =   {1992},
}

@InProceedings{Koller,
  author =   {D. Koller and J. Weber and J. Malik},
  title =    {Robust multiple car tracking with occlusion reasoning},
  booktitle = {Proc. Third European Conference on Computer Vision},
  pages =    {189-196},
  year =   {1994},
}

@Article{Bruno,
  author =   {B. A. Olshausen and D. J. Field},
  title =    {Emergence of simple-cell receptive field properties by learning a sparse code},
  journal =    {Nature},
  year =   {1996},
  OPTkey =   {},
  volume =   {381},
  OPTnumber =    {},
  pages =    {607-608},
}

@InProceedings{Prati,
  author =       {A. Prati and I. Mikic and C. Grana and M. Trivedi},
  title =    {Shadow detection algorithms for traffic flow analysis: a comparative study},
  booktitle =    {IEEE International Conf. On Intelligent Transportation Systems},
  OPTpages =   {},
  year =   {2001},
  OPTeditor =    {},
  OPTvolume =    {},
  OPTnumber =    {},
  month =    {Aug},
}


@InProceedings{Weiss,
  author =   {Y. Weiss},
  title =    {Deriving intrinsic images from image sequences},
  booktitle = {Proc. of the 8th IEEE International Conference on Computer Vision},
  pages =    {68-75},
  year =   {2001},
  OPTeditor =    {},
  volume =   {2},
  OPTnumber =    {},
  OPTseries =    {},
}

@InProceedings{Abreu,
  author =   {B. Abreu and L. Botelho and A. Cavallaro and D. Douxchampsand T. Ebrahimi and P. Figueiredo and B. Macq and B. Mory and L. Nunes and J. Orri and M. J. Trigueiros and A. Violante},
  title =    {Video-base multi-agent traffic surveillance system},
  booktitle = {Proc. of the IEEE Intelligent Vehicles Symposium},
  pages =    {457-462},
  year =   {2000},
}


@InProceedings{Toyama,
  author =   {K. Toyama and J. Krumm and B. Brumitt and B. Meyers},
  title =    {Wallflower: principles and practice of background maintenance },
  booktitle = {The Proceedings of the Seventh IEEE International Conference on Computer Vision},
  pages =    {255-261},
  year =   {1999},
  volume =   {1},
}

@InBook{Lay,
  author =   {M. G. Lay},
  editor =   {},
  title =    {Ways of the world :  a history of the world's roads and of the vehicles that used them},
  chapter =    {1},
  publisher =    {Rutgers University Press},
  year =   {1992},
}



@Misc{Bielefeldt,
  author =   {A. R. Bielefeldt},
  title =    {Transportation and surveying},
  url     =      {http://www.co\-lo\-rad\-o.edu/en\-gin\-eer\-ing/civ\-il/CVEN1317/re\-sources/in\-tro\_trans.html},
  howpublished = {Internet Publication; Accessed 28 April 2003},
}

@InProceedings{Horprasert,
  author =   {T. Horprasert and D. Harwood and L. S. Davis},
  title =    {A robust background subtraction and shadow detection},
  booktitle =    {Proc. Asian Conference on Computer Vision},
  OPTpages =   {},
  year =   {2000},
}

@InProceedings{Durucan,
  author =   {E. Durucan and J. Snoeckx and Y. Weilenmann},
  title =    {Illumination invariant background extraction},
  booktitle =    {Proc. of International Conference on Image Analysis and Processing},
  pages =    {1136-1139},
  year =   {1999},
}

@InProceedings{Elgammal,
  author =   {A. Elgammal and R. Duraiswami and D. Harwood and L. S. Davis},
  title =    {Background and foreground modeling using nonparametric kernel density estimation for visual surveillance 
},
  booktitle =    {Proceedings of the IEEE},
  year =   {2002},
  volume =   {90},
  number =   {7},
  pages =    {1151-1163},
  month =    {7},
}


@InProceedings{Martin,
  author =   {R. F. K. Martin and O. Masoud and N. P. Papanikolopoulos},
  title =    {Using Intrinsic Images for Shadow Handling},
  booktitle =    {IEEE 5th International Conference on Intelligent Transportation Systems},
  pages =    {152-155},
  year =   {2002},
}



@Book{Duda,
  author =   {R. O. Duda and P. E. Hart and D. G. Stork},
  ALTeditor =    {},
  title =    {Pattern Classification},
  publisher =    {Wiley-Interscience},
  year =   {2001},
  edition =    {2},
}

@InProceedings{Cooch,
  author =   {R. Cucchiara and C. Crana and M. Piccardi and A. Prati and S. Sirotti},
  title =    {Improving shadow suppression in moving object detection with HSV color information 
},
  booktitle =    {Proc. of the 2001 Intelligent Transportation Systems Conference},
  pages =    {334-339},
  year =   {2001},
}


@InProceedings{Haritaoglu,
  author =   {I. Haritaoglu and D. Harwood and L. S. Davis},
  title =    {${W}^{4}$: real-time surveillance of people and their activities},
  booktitle =    IEEE_J_PAMI,
  pages =    {809-830},
  year =   {2000},
  volume =   {22},
  number =   {8},
  month =    {August},
}

@Booklet{srf,
  title =    {Evaluation of Non-Intrusive Technologies for Traffic Detection},
  author =   {{SRF Consulting Group Inc.}},
  howpublished = {Submitted to Minnesota Department of Transportation},
  year =   {2000},
  month =        {October},
}

@Misc{MITweb,
  author =   {M. Ben-Akiva and I. Masaki},
  title =    {Intelligent Transportation Systems},
  howpublished = {Internet Publication; Accessed 9 October 2002},
  url =          {http://web.mit.edu/cts/www/re\-search/re\-search01-02/re\-\_its.html},
}

@InProceedings{Stauffer,
  author =   {C. Stauffer and W. E. L. Grimson},
  title =    {Adaptive background mixture models for real-time tracking},
  booktitle = {IEEE Conference on Computer Vision and Pattern Recognition},
  pages =    {246-252},
  year =   {1999},
  volume =   {2},
}

@InProceedings{Koller2,
  author =   {D. Koller and J. Weber and T. Huang and J. Malik and G. Ogasawara and B. Rao and S. Russell},
  title =    {Towards robust automatic traffic scene analysis in real-time},
  booktitle = {Proc. International Conference on Pattern Recognition},
  pages =    {126-131},
  year =   {1994},
  volume =   {2},
}



@TechReport{Tzomakas,
  title =    {Vehicle detection in traffic scenes using shadows},
  author =   {C. Tzomakas and W. {von Seelen}},
  institution =  {Institut fur Nueroinformatik, Ruhr-Universitat Bochum, Germany},
  year =   {1998},
  number =   {Technical Report 98-06},
  month =    {August},
}

@InProceedings{BrockG,
  author        ={S. A. Brock-Gunn and G. R. Dowling and T.J. Ellis T.J.},
  title         ={Tracking using colour information},
  year          ={1994},
  booktitle =    {Proc. International Conference on Control, Automation, Robotics, and Vision},
  pages =        {686-690},
}


@InProceedings{Rosin,
  author =   {P.L. Rosin and T. Ellis},
  title =    {Image difference threshold strategies and shadow detection},
  booktitle = {6th British Machine Vision Conference},
  pages =    {347-356},
  year =   {1995},
}


@InProceedings{Karmann,
  title =    {Time-recursive motion estimation using dynamical models for motion prediction 
},
  author =   {K. P. Karmann},
  booktitle =    {Proc. 10th International Conference on Pattern Recognition},
  pages =    {16-20},
  year =   {1990},
  volume =   {1},
}

@InProceedings{Ridder,
  author =   {C. Ridder and O. Munkelt and H. Kirchner},
  title =    {Adaptive background estimation and foreground detection using kalman-filtering},
  booktitle =    {International Conference on recent Advances in Mechatronics},
  pages =    {193-199},
  year =   {1995},
}

@article{scherer2014,
  title = {Automatic audiovisual behavior descriptors for psychological disorder analysis},
  volume = {32},
  issn = {02628856},
  url = {http://linkinghub.elsevier.com/retrieve/pii/S0262885614001000},
  doi = {10.1016/j.imavis.2014.06.001},
  number = {10},
  journal = {Image and Vision Computing Journal},
  author = {Scherer, Stefan and Stratou, Giota and Lucas, Gale and Mahmoud, Marwa and Boberg, Jill and Gratch, Jonathan and Rizzo, Albert (Skip) and Morency, Louis-Philippe},
  month = oct,
  year = {2014},
  keywords = {MedVR, UARC, Virtual Humans},
  pages = {648--658}
}

@article{walkup1992,
title = "The Validity of Instruments Measuring Tic Severity in Tourette's Syndrome",
journal = "Journal of the American Academy of Child \& Adolescent Psychiatry",
volume = "31",
number = "3",
pages = "472 - 477",
year = "1992",
issn = "0890-8567",
doi = "https://doi.org/10.1097/00004583-199205000-00013",
url = "http://www.sciencedirect.com/science/article/pii/S0890856709640259",
author = "John T. Walkup and Leon A. Rosenberg and Janice Brown and Harvey S. Singer",
keywords = "Tourette's syndrome, motor and phonic tics, tic severity, clinical rating instruments"
}

@article{zor2011,
author = {Zor, Rama and Fineberg, Naomi and Eilam, David and Hermesh, Haggai},
year = {2011},
month = {04},
pages = {814-24},
title = {Video telemetry and behavioral analysis discriminate between compulsive cleaning and compulsive checking in obsessive-compulsive disorder},
volume = {21},
journal = {European neuropsychopharmacology : the journal of the European College of Neuropsychopharmacology}
}

@article{viola2004,
 author = {Viola, Paul and Jones, Michael J.},
 title = {Robust Real-Time Face Detection},
 journal = {Int. J. Comput. Vision},
 issue_date = {May 2004},
 volume = {57},
 number = {2},
 month = may,
 year = {2004},
 issn = {0920-5691},
 pages = {137--154},
 numpages = {18},
 url = {https://doi.org/10.1023/B:VISI.0000013087.49260.fb},
 doi = {10.1023/B:VISI.0000013087.49260.fb},
 acmid = {966458},
 publisher = {Kluwer Academic Publishers},
 address = {Hingham, MA, USA},
 keywords = {boosting, face detection, human sensing},
}

@INPROCEEDINGS{brutzer2011,
    author = {Sebastian Brutzer and Gunther Heidemann},
    title = {Evaluation of background subtraction techniques for video surveillance},
    booktitle = {Proceedings of IEEE Conference on Computer Vision and Pattern Recognition (CVPR 2011},
    year = {2011},
    pages = {1937--1944}
}

@InProceedings{ciptadi2014,
author="Ciptadi, Arridhana
and Goodwin, Matthew S.
and Rehg, James M.",
editor="Fleet, David
and Pajdla, Tomas
and Schiele, Bernt
and Tuytelaars, Tinne",
title="Movement Pattern Histogram for Action Recognition and Retrieval",
booktitle="Computer Vision -- ECCV 2014",
year="2014",
publisher="Springer International Publishing",
address="Cham",
pages="695--710",
isbn="978-3-319-10605-2"
}

@article{fasching2016,
  title={Automated coding of activity videos from an OCD study},
  author={Joshua Fasching and Nicholas Walczak and Gail A. Bernstein and Tasoulla Hadjiyanni and Kathryn Cullen and Vassilios Morellas and Nikolaos Papanikolopoulos},
  journal={2016 IEEE International Conference on Robotics and Automation (ICRA)},
  year={2016},
  pages={5638-5643}
}

@article{ganos2015,
title = "The somatotopy of tic inhibition: Where and how much?",
author = "Christos Ganos and Jens Bongert and Luisa Asmuss and Davide Martino and Patrick Haggard and Alexander Münchau",
note = "© 2015 International Parkinson and Movement Disorder Society.",
year = "2015",
month = "8",
doi = "10.1002/mds.26188",
volume = "30",
pages = "1184--9",
journal = "MOVEMENT DISORD",
issn = "0885-3185",
publisher = "John Wiley and Sons Inc.",
number = "9",
}

@inproceedings{kolsch2004,
  author    = {Mathias K{\"{o}}lsch and
               Matthew Turk},
  title     = {Robust Hand Detection},
  booktitle = {Sixth {IEEE} International Conference on Automatic Face and Gesture
               Recognition {(FGR} 2004), May 17-19, 2004, Seoul, Korea},
  pages     = {614--619},
  publisher = {{IEEE} Computer Society},
  year      = {2004},
  url       = {https://doi.org/10.1109/AFGR.2004.1301601},
  doi       = {10.1109/AFGR.2004.1301601},
  timestamp = {Sun, 21 May 2017 01:00:00 +0200},
  biburl    = {https://dblp.org/rec/bib/conf/fgr/KolschT04},
  bibsource = {dblp computer science bibliography, https://dblp.org}
}
@article{cao2016,
  author    = {Zhe Cao and
               Tomas Simon and
               Shih{-}En Wei and
               Yaser Sheikh},
  title     = {Realtime Multi-Person 2D Pose Estimation using Part Affinity Fields},
  journal   = {CoRR},
  volume    = {abs/1611.08050},
  year      = {2016},
  url       = {http://arxiv.org/abs/1611.08050},
  archivePrefix = {arXiv},
  eprint    = {1611.08050},
  timestamp = {Wed, 07 Jun 2017 14:43:08 +0200},
  biburl    = {https://dblp.org/rec/bib/journals/corr/CaoSWS16},
  bibsource = {dblp computer science bibliography, https://dblp.org}
}

@inproceedings{tuzel2006,
 author = {Tuzel, Oncel and Porikli, Fatih and Meer, Peter},
 title = {Region Covariance: A Fast Descriptor for Detection and Classification},
 booktitle = {Proceedings of the 9th European Conference on Computer Vision - Volume Part II},
 series = {ECCV'06},
 year = {2006},
 isbn = {3-540-33834-9, 978-3-540-33834-5},
 location = {Graz, Austria},
 pages = {589--600},
 numpages = {12},
 url = {http://dx.doi.org/10.1007/11744047_45},
 doi = {10.1007/11744047_45},
 acmid = {2168536},
 publisher = {Springer-Verlag},
 address = {Berlin, Heidelberg},
}

@inproceedings{burba2012,
  address = {Orange County, CA},
  title = {Unobtrusive {Measurement} of {Subtle} {Nonverbal} {Behaviors} with the {Microsoft} {Kinect}},
  booktitle = {{IEEE} {VR} {Workshop} on {Ambient} {Information} {Technologies}},
  author = {Burba, Nathan and Bolas, Mark and Krum, David M. and Suma, Evan},
  month = mar,
  year = {2012},
  keywords = {MxR},
  pages = {10--13}
}

@article{castrodad2012,
  author    = {Alexey Castrodad and
               Guillermo Sapiro},
  title     = {Sparse Modeling of Human Actions from Motion Imagery},
  journal   = {International Journal of Computer Vision},
  volume    = {100},
  number    = {1},
  pages     = {1--15},
  year      = {2012},
  url       = {https://doi.org/10.1007/s11263-012-0534-7},
  doi       = {10.1007/s11263-012-0534-7},
  timestamp = {Wed, 17 May 2017 14:25:23 +0200},
  biburl    = {https://dblp.org/rec/bib/journals/ijcv/CastrodadS12},
  bibsource = {dblp computer science bibliography, https://dblp.org}
}

@inproceedings{sivalingam2012,
  author    = {Ravishankar Sivalingam and
               Anoop Cherian and
               Joshua Fasching and
               Nicholas Walczak and
               Nathaniel D. Bird and
               Vassilios Morellas and
               Barbara Murphy and
               Kathryn Cullen and
               Kelvin O. Lim and
               Guillermo Sapiro and
               Nikolaos Papanikolopoulos},
  title     = {A multi-sensor visual tracking system for behavior monitoring of at-risk
               children},
  booktitle = {{IEEE} International Conference on Robotics and Automation, {ICRA}
               2012, 14-18 May, 2012, St. Paul, Minnesota, {USA}},
  pages     = {1345--1350},
  publisher = {{IEEE}},
  year      = {2012},
  url       = {https://doi.org/10.1109/ICRA.2012.6225280},
  doi       = {10.1109/ICRA.2012.6225280},
  timestamp = {Thu, 15 Jun 2017 21:46:20 +0200},
  biburl    = {https://dblp.org/rec/bib/conf/icra/SivalingamCFWBMMCLSP12},
  bibsource = {dblp computer science bibliography, https://dblp.org}
}

@article{papadourakis2010,
  author    = {Vasilis Papadourakis and
               Antonis A. Argyros},
  title     = {Multiple objects tracking in the presence of long-term occlusions},
  journal   = {Computer Vision and Image Understanding},
  volume    = {114},
  number    = {7},
  pages     = {835--846},
  year      = {2010},
  url       = {https://doi.org/10.1016/j.cviu.2010.02.003},
  doi       = {10.1016/j.cviu.2010.02.003},
  timestamp = {Mon, 05 Jun 2017 20:49:48 +0200},
  biburl    = {https://dblp.org/rec/bib/journals/cviu/PapadourakisA10},
  bibsource = {dblp computer science bibliography, https://dblp.org}
}

@inproceedings{bernabei2010,
author = {Bernabei, Michel and Andreoni, Giuseppe and O Mendez Garcia, Martin and Piccini, Luca and Aletti, Federico and Sassi, Marco and Servello, Domenico and Porta, Mauro and Preatoni, Ezio},
year = {2010},
month = {08},
pages = {422-5},
title = {Automatic Detection of tic activity in the Tourette Syndrome},
volume = {2010},
booktitle = {Conference proceedings : ... Annual International Conference of the IEEE Engineering in Medicine and Biology Society. IEEE Engineering in Medicine and Biology Society. Conference}
}

@article{aggarwal2011,
  author    = {J. K. Aggarwal and
               M. S. Ryoo},
  title     = {Human activity analysis: {A} review},
  journal   = {{ACM} Comput. Surv.},
  volume    = {43},
  number    = {3},
  pages     = {16:1--16:43},
  year      = {2011},
  url       = {http://doi.acm.org/10.1145/1922649.1922653},
  doi       = {10.1145/1922649.1922653},
  timestamp = {Mon, 09 Jan 2017 15:02:21 +0100},
  biburl    = {https://dblp.org/rec/bib/journals/csur/AggarwalR11},
  bibsource = {dblp computer science bibliography, https://dblp.org}
}

@article{bird2006,
  title={Real time, online detection of abandoned objects in public areas},
  author={Nathaniel D. Bird and Stefan Atev and Nicolas Caramelli and Robert F. K. Martin and Osama Masoud and Nikolaos Papanikolopoulos},
  journal={Proceedings 2006 IEEE International Conference on Robotics and Automation, 2006. ICRA 2006.},
  year={2006},
  pages={3775-3780}
}

@article {saurez2018,
  author = {Su{\'a}rez-Ruiz, Francisco and Zhou, Xian and Pham, Quang-Cuong},
  title = {Can robots assemble an IKEA chair?},
  volume = {3},
  number = {17},
  year = {2018},
  doi = {10.1126/scirobotics.aat6385},
  publisher = {Science Robotics},
  abstract = {The limits of robotic manipulation were explored by automatic assembly of an IKEA chair.},
  URL = {http://robotics.sciencemag.org/content/3/17/eaat6385},
  eprint = {http://robotics.sciencemag.org/content/3/17/eaat6385.full.pdf},
  journal = {Science Robotics}
}
@article{poppe2010,
 author = {Poppe, Ronald},
 title = {A Survey on Vision-based Human Action Recognition},
 journal = {Image Vision Comput.},
 issue_date = {June, 2010},
 volume = {28},
 number = {6},
 month = jun,
 year = {2010},
 issn = {0262-8856},
 pages = {976--990},
 numpages = {15},
 url = {http://dx.doi.org/10.1016/j.imavis.2009.11.014},
 doi = {10.1016/j.imavis.2009.11.014},
 acmid = {1751964},
 publisher = {Butterworth-Heinemann},
 address = {Newton, MA, USA},
 keywords = {Action detection, Human action recognition, Motion analysis},
} 

@INPROCEEDINGS{laptev2003,
    author = {Ivan Laptev and Tony Lindeberg},
    title = {Space-time Interest Points},
    booktitle = {IN ICCV},
    year = {2003},
    pages = {432--439},
    publisher = {}
}

@MISC{bradski98,
    author = {Gary R. Bradski},
    title = {Computer Vision Face Tracking For Use in a Perceptual User Interface},
    year = {1998}
}

@InProceedings{cech2014,
  IS = { zkontrolovano 02 Jan 2015 },
  UPDATE  = { 2014-12-19 },
    title = {A 3D Approach to Facial Landmarks: Detection, Refinement, and Tracking},
    author = {{\v C}ech, Jan and Franc, Vojt{\v e}ch and Matas, Ji{\v r}{\'\i} },
    booktitle = {Proc. of International Conference on Pattern Recognition (ICPR)},
    ISBN = {978-1-4799-5208-3},
    ISSN = {1051-4651 },
    venue = {Stockholm, Sweden},
    publisher = {IEEE Computer Society},
    address = {Los Alamitos, USA},
    year = {2014},
    month = {August},
    day = {24--28},
    pages = {2173--2178},
    book_pages = {4744},
    keywords = {face, facial landmarks, 3D model, detection, tracking, SVM, optimization},
    project = {GACR P103/12/G084, ERC-CZ LL1303},
    url = {http://cmp.felk.cvut.cz/ftp/articles/cech/Cech-ICPR-2014.pdf},
}

@InProceedings{soukupova2016,
  IS = { zkontrolovano 05 Sep 2016 },
  UPDATE  = { 2016-06-26 },
  author = {Soukupova, Tereza  and {\v C}ech, Jan  and Matas, Ji{\v r}{\'\i} },
  affiliation = {13133-13133-13133},
  title = {Real-Time Eye Blink Detection using Facial Landmarks},
  booktitle = {Proceedings of the 21st Computer Vision Winter Workshop},
  year = {2016},
  month = {February},
  day = {3--5},
  pages = {1--8},
  book_pages = {130},
  ANNOTE = {A real-time algorithm to detect eye blinks in a video sequence from a standard camera is proposed. Recent landmark detectors, trained on in-the-wild datasets exhibit excellent robustness against a head orientation with respect to a camera, varying illumination and facial expressions. We show that the landmarks are detected precisely enough to reliably estimate the level of the eye opening. The proposed algorithm therefore estimates the landmark positions, extracts a single scalar quantity, eye aspect ratio (EAR), characterizing the eye opening in each frame. Finally, an SVM classifier detects eye blinks as a pattern of EAR values in a short temporal window. The simple algorithm outperforms the state-of-the-art results on two standard datasets.},
  keywords = {eye, blink, face, landmarks, camera, video},
  project = {SGS15/155/OHK3/2T/13},
  url = {ftp://cmp.felk.cvut.cz/pub/cmp/articles/cech/Soukupova-CVWW-2016.pdf},
  ISBN = {978-961-90901-7-6},
  editor = {Luka Cehovin and Rok Mandeljc and Vitomir Struc},
  publisher = {Slovenian Pattern Recognition Society},
  address = {Ljubljana, Slovenia},
  venue = {Rimske Toplice, Slovenia},
  note = {Best Student Paper Award},
}

@TECHREPORT{chau2005,
    author = {Michael Chau and Margrit Betke},
    title = {Real time eye tracking and blink detection with USB cameras},
    institution = {},
    year = {2005}
}

@article{grauman2003,
  added-at = {2008-09-12T00:00:00.000+0200},
  author = {Grauman, Kristen and Betke, Margrit and Lombardi, J. and Gips, James and Bradski, Gary R.},
  biburl = {https://www.bibsonomy.org/bibtex/21450f99772846074127fc180bd7800a9/dblp},
  date = {2008-09-12},
  description = {dblp},
  ee = {http://dx.doi.org/10.1007/s10209-003-0062-x},
  interhash = {c554aefd7ed4cc8345660462529d8864},
  intrahash = {1450f99772846074127fc180bd7800a9},
  journal = {Universal Access in the Information Society},
  keywords = {dblp},
  number = 4,
  pages = {359-373},
  timestamp = {2008-09-13T11:35:04.000+0200},
  title = {Communication via eye blinks and eyebrow raises: video-based human-computer interfaces.},
  volume = 2,
  year = 2003
}

@INPROCEEDINGS{nguyen2017,
author={B. T. Nguyen and M. H. Trinh and T. V. Phan and H. D. Nguyen},
booktitle={2017 Seventh International Conference on Information Science and Technology (ICIST)},
title={An efficient real-time emotion detection using camera and facial landmarks},
year={2017},
volume={},
number={},
pages={251-255},
keywords={cameras;emotion recognition;face recognition;camera;emotion recognition;facial landmarks;human emotion detection;human emotion prediction;real-time emotion detection;Cameras;Face;Feature extraction;Kernel;Mouth;Real-time systems;Support vector machines;SVM;emotion detection;facial landmarks;human emotion},
doi={10.1109/ICIST.2017.7926765},
ISSN={},
month={April},
}


@article{bernstein2017,
title = "Use of Computer Vision Tools to Identify Behavioral Markers of Pediatric Obsessive-Compulsive Disorder: A Pilot Study",
author = "Bernstein, {Gail A.} and Tasoulla Hadjiyanni and Cullen, {Kathryn R.} and Robinson, {Julia W.} and Harris, {Elizabeth C.} and Young, {Austin D.} and Joshua Fasching and Nicholas Walczak and Susanne Lee and Vassilios Morellas and Nikolaos Papanikolopoulos",
year = "2017",
month = "3",
day = "1",
doi = "10.1089/cap.2016.0067",
language = "English (US)",
volume = "27",
pages = "140--147",
journal = "Journal of Child and Adolescent Psychopharmacology",
issn = "1044-5463",
publisher = "Mary Ann Liebert Inc.",
number = "2",
}

@article{radomsky2004,
author = {Radomsky, Adam and Rachman, Stanley},
year = {2004},
month = {09},
pages = {893-913},
title = {Symmetry, ordering and arranging compulsive behavior},
volume = {42},
booktitle = {Behaviour research and therapy}
}

@InProceedings{rehg2013,
  author  = {James M. Rehg and Gregory D. Abowd and Agata Rozga and Mario Romero and Mark A. Clements and Stan Sclaroff and Irfan Essa and Opal Y. Ousley and Yin Li and Chanho Kim and Hrishikesh Rao and Jonathan C. Kim and Liliana Lo Presti and Jianming Zhang and Denis Lantsman and Jonathan Bidwell and Zhefan Ye},
  booktitle  = {{Proceedings of IEEE Conference on Computer Vision
      and Pattern Recognition (CVPR)}},
  doi    = {10.1109/CVPR.2013.438},
  month    = {June},
  organization  = {IEEE Computer Society},
  pdf    = {http://www.cc.gatech.edu/~rehg/Papers/Rehg_CVPR13.pdf},
  title    = {Decoding Children's Social Behavior},
  url    = {http://www.cbi.gatech.edu/mmdb/},
  year    = {2013}
}

@INPROCEEDINGS{liu2017,
author={L. Liu and Xin Li and Yi Zhao and Jingying Chen},
booktitle={2017 IEEE International Conference on Consumer Electronics (ICCE)},
title={A real-time and low-cost hand tracking system},
year={2017},
volume={},
number={},
pages={430-431},
keywords={digital television;feature extraction;gesture recognition;image colour analysis;image fusion;image motion analysis;image resolution;image sequences;interactive television;microprocessor chips;object tracking;video signal processing;CPU consumption;CPU resources;VGA resolution video processing;color feature;consumer electronics;hand tracker;low-spec smart TV;motion feature fusion;real-time low-cost hand tracking system;video sequences},
doi={10.1109/ICCE.2017.7889384},
ISSN={},
month={Jan}
}

@ARTICLE{comaniciu2002,
    author = {Dorin Comaniciu and Peter Meer},
    title = {Mean shift: A robust approach toward feature space analysis},
    journal = {IEEE Transactions on Pattern Analysis and Machine Intelligence},
    year = {2002},
    volume = {24},
    pages = {603--619}
}

@article{yilmaz2006,
 author = {Yilmaz, Alper and Javed, Omar and Shah, Mubarak},
 title = {Object Tracking: A Survey},
 journal = {ACM Comput. Surv.},
 issue_date = {2006},
 volume = {38},
 number = {4},
 month = dec,
 year = {2006},
 issn = {0360-0300},
 articleno = {13},
 url = {http://doi.acm.org/10.1145/1177352.1177355},
 doi = {10.1145/1177352.1177355},
 acmid = {1177355},
 publisher = {ACM},
 address = {New York, NY, USA},
 keywords = {Appearance models, contour evolution, feature selection, object detection, object representation, point tracking, shape tracking},
} 

@INPROCEEDINGS{huang2005,
author={Y. Huang and I. Essa},
booktitle={2005 IEEE Computer Society Conference on Computer Vision and Pattern Recognition (CVPR'05)},
title={Tracking multiple objects through occlusions},
year={2005},
volume={2},
number={},
pages={1051-1058 vol. 2},
keywords={genetic algorithms;hidden feature removal;object detection;tracking;adaptive appearance model;genetic algorithm;inter-occlusion relationship;multiple object tracking;object trajectory;optimal region track;spatial distribution;spatial occlusion;temporal occlusion;user interaction;Constraint optimization;Educational institutions;Genetic algorithms;Prototypes;Research initiatives;Robustness;Shape;Surveillance;System testing;Videos},
doi={10.1109/CVPR.2005.350},
ISSN={1063-6919},
month={June},
}

@inproceedings{bodor2003,
  title={Vision-based human tracking and activity recognition},
  author={Bodor, Robert and Jackson, Bennett and Papanikolopoulos, Nikolaos},
  booktitle={Proc. of the 11th Mediterranean Conf. on Control and Automation},
  volume={1},
  year={2003}
}

@article{lowe2004,
  title={Distinctive image features from scale-invariant keypoints},
  author={Lowe, David G},
  journal={International journal of computer vision},
  volume={60},
  number={2},
  pages={91--110},
  year={2004},
  publisher={Springer}
}

@article{tomasi1991,
  title={Detection and Tracking of Point},
  author={Tomasi, Carlo and Kanade, Takeo},
  journal={Detection and Tracking of Point Features”. Carnegie Mellon University Technical Report CMU-CS-91-132},
  year={1991}
}

@INPROCEEDINGS{iraei2015,
author={I. Iraei and K. Faez},
booktitle={2015 2nd International Conference on Pattern Recognition and Image Analysis (IPRIA)},
title={Object tracking with occlusion handling using mean shift, Kalman filter and Edge Histogram},
year={2015},
volume={},
number={},
pages={1-6},
keywords={Kalman filters;object tracking;Bhattacharyya coefficient;Kalman filter;edge histogram;mean shift algorithm;object tracking;occlusion handling;Histograms;Image color analysis;Image edge detection;Kalman filters;Kernel;Mathematical model;Target tracking;Edge Histogram;Kalman Filter;MATLAB Simulation;Mean Shift;Object Tracking;Occlusion Handling},
doi={10.1109/PRIA.2015.7161637},
ISSN={},
month={March},
}


@article{masoud2003,
title = "A method for human action recognition",
keywords = "Articulated motion, Human tracking, Motion recognition",
author = "Osama Masoud and Nikos Papanikolopoulos",
year = "2003",
month = "8",
day = "1",
doi = "10.1016/S0262-8856(03)00068-4",
language = "English (US)",
volume = "21",
pages = "729--743",
journal = "Image and Vision Computing",
issn = "0262-8856",
publisher = "Elsevier Limited",
number = "8",
}

@INPROCEEDINGS{blank2005,
author={M. Blank and L. Gorelick and E. Shechtman and M. Irani and R. Basri},
booktitle={Tenth IEEE International Conference on Computer Vision (ICCV'05) Volume 1},
title={Actions as space-time shapes},
year={2005},
volume={2},
number={},
pages={1395-1402 Vol. 2},
keywords={Poisson equation;feature extraction;image motion analysis;image sequences;2D shape analysis;Poisson equation;action detection;action dynamics;action recognition;local space-time saliency;partial occlusions;shape orientation;shape structure;space-time feature extraction;space-time shapes;space-time volume;video alignment;video sequences;volumetric space-time action shapes;Computer vision;Humans;Image motion analysis;Information analysis;Motion analysis;Optical computing;Poisson equations;Shape;Torso;Video sequences},
doi={10.1109/ICCV.2005.28},
ISSN={1550-5499},
month={Oct},
}

@ARTICLE{mitra2007,
author={S. Mitra and T. Acharya},
journal={IEEE Transactions on Systems, Man, and Cybernetics, Part C (Applications and Reviews)},
title={Gesture Recognition: A Survey},
year={2007},
volume={37},
number={3},
pages={311-324},
keywords={face recognition;finite state machines;gesture recognition;hidden Markov models;human computer interaction;image colour analysis;image sequences;gesture recognition;intelligent human-computer interface;hand gestures;facial expressions;hidden Markov models;particle filtering;condensation;finite-state machines;optical flow;skin color;connectionist models;Face recognition;Hidden Markov models;Optical filters;Humans;Arm;Magnetic heads;Manifolds;Handicapped aids;Virtual reality;Filtering;Face recognition;facial expressions;hand gestures;hidden Markov models (HMMs);soft computing;optical flow},
doi={10.1109/TSMCC.2007.893280},
ISSN={1094-6977},
month={May},}

@article{abramowitz2003,
  title={Symptom presentation and outcome of cognitive-behavioral therapy for obsessive-compulsive disorder.},
  author={Abramowitz, Jonathan S and Franklin, Martin E and Schwartz, Stefanie A and Furr, Jami M},
  journal={Journal of Consulting and clinical psychology},
  volume={71},
  number={6},
  pages={1049},
  year={2003},
  publisher={American Psychological Association}
}

@article{hashemi2012,
  author    = {Jordan Hashemi and
               Thiago Vallin Spina and
               Mariano Tepper and
               Amy Esler and
               Vassilios Morellas and
               Nikolaos Papanikolopoulos and
               Guillermo Sapiro},
  title     = {Computer vision tools for the non-invasive assessment of autism-related
               behavioral markers},
  journal   = {CoRR},
  volume    = {abs/1210.7014},
  year      = {2012},
  url       = {http://arxiv.org/abs/1210.7014},
  archivePrefix = {arXiv},
  eprint    = {1210.7014},
  timestamp = {Mon, 13 Aug 2018 16:48:14 +0200},
  biburl    = {https://dblp.org/rec/bib/journals/corr/abs-1210-7014},
  bibsource = {dblp computer science bibliography, https://dblp.org}
}